<record><leader>00000cas a2200000 a 4500</leader><controlfield tag="001">12299225</controlfield><controlfield tag="008">850724d19071930ksuwr ne      0    0eng d</controlfield><controlfield tag="009">3789</controlfield><datafield ind1=" " ind2=" " tag="010"><subfield code="a">sn 85029524 </subfield></datafield><datafield ind1=" " ind2=" " tag="040"><subfield code="a">KSH</subfield><subfield code="b">eng</subfield><subfield code="c">KSH</subfield><subfield code="d">NPT</subfield><subfield code="d">DLC</subfield><subfield code="d">OCL</subfield></datafield><datafield ind1=" " ind2=" " tag="042"><subfield code="a">msc</subfield></datafield><datafield ind1="0" ind2="0" tag="050"><subfield code="a">Newspaper 7803-X</subfield></datafield><datafield ind1="0" ind2=" " tag="130"><subfield code="a">Larned chronoscope (Larned, Kan. : 1907)</subfield></datafield><datafield ind1="0" ind2="0" tag="245"><subfield code="a">Larned chronoscope.</subfield></datafield><datafield ind1=" " ind2=" " tag="260"><subfield code="a">Larned, Kan. :</subfield><subfield code="b">Wolcott &amp; Christy,</subfield><subfield code="c">1907-1930.</subfield></datafield><datafield ind1=" " ind2=" " tag="300"><subfield code="a">23 v. :</subfield><subfield code="b">ill. ;</subfield><subfield code="c">57 cm.</subfield></datafield><datafield ind1=" " ind2=" " tag="310"><subfield code="a">Weekly</subfield></datafield><datafield ind1="0" ind2=" " tag="362"><subfield code="a">Vol. 30, no. 24 (Sept. 5, 1907)-v. 53, no. 42 (Dec. 25, 1930).</subfield></datafield><datafield ind1=" " ind2=" " tag="500"><subfield code="a">"Republican."</subfield></datafield><datafield ind1=" " ind2=" " tag="752"><subfield code="a">United States</subfield><subfield code="b">Kansas</subfield><subfield code="c">Pawnee</subfield><subfield code="d">Larned.</subfield></datafield><datafield ind1="0" ind2="0" tag="780"><subfield code="t">Larned weekly chronoscope</subfield><subfield code="w">(DLC)sn 85029523</subfield></datafield><datafield ind1="0" ind2="0" tag="785"><subfield code="t">Larned news</subfield><subfield code="w">(DLC)sn 85029525</subfield></datafield></record>